%% This BibTeX bibliography file was created using BibDesk.
%% http://bibdesk.sourceforge.net/

%% Created for Martin Genzel at 2018-06-13 18:17:20 +0200 


%% Saved with string encoding Unicode (UTF-8) 
%%%%%%%%%%%%%%%%%%%%%%%%%%%%%%%%%%%%%%%%%%%%%%%%%%%%%%%%%%%%%%%%%%%%%%%%%%%%%%%%%%%%%%
@Article{JF2016,
  author =       {J. Fuhrmann},
  title =        {A numerical strategy for {Nernst}-{Planck} systems with solvation effect},
  journal =  {Fuel cells},
  pages= {704-714},
  volume=16,
  number=6,
doi={10.1002/fuce.201500215},
  year =         2016,
}

@article{DGM2013,
  title={Overcoming the shortcomings of the {Nernst}--{Planck} model},
  author={Dreyer, W. and Guhlke, C. and M{\"u}ller, R.},
  journal={PCCP},
  volume={15},
  number={19},
  pages={7075--7086},
  year={2013},
  publisher={Royal Society of Chemistry}
}

@Misc{VoronoiFVM,
  author =    {J. Fuhrmann},
  title =     {{VoronoiFVM.jl}: Solver for coupled nonlinear partial differential equations based on the Voronoi finite volume method},
  note={DOI:10.5281/zenodo.3529808},
  year =      2019
  }


@article{Landstorfer2016187,
  title={Theory and structure of the metal-electrolyte interface incorporating adsorption and solvation effects},
  author={Landstorfer, M. and Guhlke, C. and Dreyer, W.},
  journal={Electroch. Acta},
  volume={201},
  pages={187--219},
  year={2016},
  publisher={Elsevier}
}


@article{landstorfer2017boundary,
  title={Boundary Conditions for Electrochemical Interfaces},
  author={Landstorfer, M.},
  journal={Journal of The Electrochemical Society},
  volume={164},
  number={11},
  pages={E3671--E3685},
  year={2017},
  publisher={The Electrochemical Society}
}
@article{DGL2014,
  title={A mixture theory of electrolytes containing solvation effects},
  author={Dreyer, W. and Guhlke, C. and Landstorfer, M.},
  journal={Electrochemistry Communications},
  volume={43},
  pages={75--78},
  year={2014},
  publisher={Elsevier}
}

@article{CCFG2020,
  TITLE = {{A numerical analysis focused comparison of several Finite Volume schemes for an Unipolar Degenerated Drift-Diffusion Model}},
  AUTHOR = {Canc{\`e}s, Cl{\'e}ment and Chainais-Hillairet, Claire and Fuhrmann, J{\"u}rgen and Gaudeul, Beno{\^i}t},
  journal="IMA Journal of Numerical Analysis",
  year=2020,
  note="WIAS preprint 2620 (2019), accepted"
}


@Article{VagnerEtAl2019,
author="V{\'a}gner, Petr
and Guhlke, Clemens
and Milo{\v{s}}, Vojt{\v{e}}ch
and M{\"u}ller, R{\"u}diger
and Fuhrmann, J{\"u}rgen",
title="A continuum model for yttria-stabilized zirconia incorporating triple phase boundary, lattice structure and immobile oxide ions",
journal="Journal of Solid State Electrochemistry",
year="2019",
volume=23,
pages={2907–2926},
doi="10.1007/s10008-019-04356-9"
}


@article{JES,
 author = {Fuhrmann, J. and Landstorfer, M. and Müller, R.},
 title = {Modeling polycrystalline electrode-electrolyte interfaces: The differential capacitance.},
  year = 2020,
  journal = "Journal of the Electrochemical Society",
  note = "WIAS preprint 2640 (2019), accepted"
}



@article{FuhrmannEtAlECActa2019,
title = "Induced charge electroosmotic flow with finite ion size and solvation effects",
journal = "Electrochimica Acta",
volume = "317",
pages = "778 - 785",
year = "2019",
doi = {10.1016/j.electacta.2019.05.051},
author = "J. Fuhrmann and C. Guhlke and A. Linke and C. Merdon and R. Müller"
}


@InProceedings{FGLMMSpringer2019,
author="Fuhrmann, J{\"u}rgen
and Guhlke, Clemens
and Linke, Alexander
and Merdon, Christian
and M{\"u}ller, R{\"u}diger",
editor="Hinterm{\"u}ller, Michael
and Rodrigues, Jos{\'e} Francisco",
title="Models and Numerical Methods for Electrolyte Flows",
booktitle="Topics in Applied Analysis and Optimisation",
year="2019",
publisher="Springer",
pages="183--209",
doi="10.1007/978-3-030-33116-0_8"
}


%%%%%%%%%%%%%%%%%%%%%%%%%%%%%%%%%%%%%%%%%%%%%%%%%%%%%%%%%%%%%%%%%%%%%%%%%%%%%%%%%%%%%%%
@article{examplepub,
	Author = {M. Mustermann},
	Date-Added = {2017-12-20 15:25:30 +0000},
	Date-Modified = {2018-06-13 16:17:13 +0000},
	Journal = {Acta Mathematica},
	Keywords = {reflist},
	Number = {3},
	Pages = {1711--1732},
	Title = {Some Very Important Paper on Something},
	Volume = {60},
	Year = {2014}}

#
@article{lin2019understanding,
  title={Understanding mass transport influenced electrocatalysis at the nanoscale via numerical simulation},
  author={Lin, Chuhong and Compton, Richard G},
  journal={Current Opinion in Electrochemistry},
  volume={14},
  pages={186--199},
  year={2019},
  publisher={Elsevier}
}


# only Boltzmann;
@article{tan2018double,
  title={Double layer effects in voltammetric measurements with scanning electrochemical microscopy (SECM)},
  author={Tan, Sze-yin and Perry, David and Unwin, Patrick R},
  journal={Journal of Electroanalytical Chemistry},
  volume={819},
  pages={240--250},
  year={2018},
  publisher={Elsevier}
}



# only boltzman
@article{eden2019modeling,
  title={Modeling Faradaic Reactions and Electrokinetic Phenomena at a Nanochannel-Confined Bipolar Electrode},
  author={Eden, A and Scida, K and Arroyo-Curras, Netzahualcoyotl and Eijkel, JCT and Meinhart, CD and Pennathur, S},
  journal={The Journal of Physical Chemistry C},
  volume={123},
  number={9},
  pages={5353--5364},
  year={2019},
  publisher={ACS Publications}
}

# reaction coupling on single crystal electrode; SUPG
@article{bohra2019modeling,
  title={Modeling the electrical double layer to understand the reaction environment in a CO2 electrocatalytic system},
  author={Bohra, Divya and Chaudhry, Jehanzeb H and Burdyny, Thomas and Pidko, Evgeny A and Smith, Wilson A},
  journal={Energy \& Environmental Science},
  volume={12},
  number={11},
  pages={3380--3389},
  year={2019},
  publisher={The Royal Society of Chemistry}
}
